<record><leader>00000cas a2200000 a 4500</leader><controlfield tag="001">12072794</controlfield><controlfield tag="008">850523d18751878ksuwr ne      0    0eng d</controlfield><datafield ind1=" " ind2=" " tag="010"><subfield code="a">sn 85030364 </subfield></datafield><datafield ind1=" " ind2=" " tag="040"><subfield code="a">KSH</subfield><subfield code="b">eng</subfield><subfield code="c">KSH</subfield><subfield code="d">NPT</subfield><subfield code="d">NPX</subfield><subfield code="d">OCL</subfield><subfield code="d">OCLCQ</subfield></datafield><datafield ind1=" " ind2=" " tag="042"><subfield code="a">msc</subfield></datafield><datafield ind1="0" ind2=" " tag="130"><subfield code="a">Echo (Cawker City, Kan.)</subfield></datafield><datafield ind1="1" ind2="4" tag="245"><subfield code="a">The echo.</subfield></datafield><datafield ind1=" " ind2=" " tag="260"><subfield code="a">Cawker City, Kan. :</subfield><subfield code="b">Topliff &amp; DeYoung</subfield></datafield><datafield ind1=" " ind2=" " tag="300"><subfield code="a">v. ;</subfield><subfield code="c">55 cm.</subfield></datafield><datafield ind1=" " ind2=" " tag="310"><subfield code="a">Weekly</subfield></datafield><datafield ind1="1" ind2=" " tag="362"><subfield code="a">Began in 1875.</subfield><subfield code="z">Cf. Rowell, 1877.</subfield></datafield><datafield ind1="1" ind2=" " tag="362"><subfield code="a">Ceased in 1878?</subfield></datafield><datafield ind1=" " ind2=" " tag="500"><subfield code="a">Publisher: A.L. Topliff, &lt;1877&gt;.</subfield></datafield><datafield ind1=" " ind2=" " tag="500"><subfield code="a">Editors: A.L. Topliff, Stephen DeYoung, &lt;1876&gt;.</subfield></datafield><datafield ind1=" " ind2=" " tag="588"><subfield code="a">Description based on: Vol. 1, no. 40 (May 18, 1876).</subfield></datafield><datafield ind1=" " ind2=" " tag="752"><subfield code="a">United States</subfield><subfield code="b">Kansas</subfield><subfield code="c">Mitchell</subfield><subfield code="d">Cawker City.</subfield></datafield><datafield ind1="0" ind2="0" tag="785"><subfield code="t">Cawker City free press</subfield><subfield code="w">(DLC)sn 85030359</subfield></datafield></record>